<?xml version="1.0" encoding="UTF-8"?><record xmlns="http://www.loc.gov/MARC21/slim" xmlns:cinclude="http://apache.org/cocoon/include/1.0" xmlns:zs="http://www.loc.gov/zing/srw/">
  <leader>00649cz  a2200157n  4500</leader>
  <controlfield tag="001">no 98006137 </controlfield>
  <controlfield tag="003">DLC</controlfield>
  <controlfield tag="005">20110510074848.0</controlfield>
  <controlfield tag="008">980107n| acannaab           |n and     c</controlfield>
  <datafield tag="010" ind1=" " ind2=" ">
    <subfield code="a">no 98006137 </subfield>
  </datafield>
  <datafield tag="035" ind1=" " ind2=" ">
    <subfield code="a">(OCoLC)oca04579528</subfield>
  </datafield>
  <datafield tag="040" ind1=" " ind2=" ">
    <subfield code="a">OCoLC</subfield>
    <subfield code="c">OCoLC</subfield>
    <subfield code="d">DLC</subfield>
  </datafield>
  <datafield tag="110" ind1="2" ind2=" ">
    <subfield code="a">Universals (Musical group)</subfield>
  </datafield>
  <datafield tag="667" ind1=" " ind2=" ">
    <subfield code="a">Machine-derived authority record.</subfield>
  </datafield>
  <datafield tag="670" ind1=" " ind2=" ">
    <subfield code="a">LCCN 90-751788: Boss vocal groups of the 60's, 1986, p1985</subfield>
  </datafield>
  <datafield tag="670" ind1=" " ind2=" ">
    <subfield code="a">Old Town Records, doo wop exclusively from the vault [SR] p1999:</subfield>
    <subfield code="b">container (The Universals) insert (Roosevelt Simmons; Reggie "Tootie" Price (bass); Kent Peeler; John "Pancho" Christian; from Philadelphia; 1956-1962)</subfield>
  </datafield>
</record>